@INPROCEEDINGS{fm,
    author={Rendle, Steffen},  
    booktitle={2010 IEEE International Conference on Data Mining},   title={Factorization Machines},   year={2010},  volume={},  number={},  pages={995-1000},  doi={10.1109/ICDM.2010.127}
}

@misc{deepfm,
  doi = {10.48550/ARXIV.1703.04247},
  url = {https://arxiv.org/abs/1703.04247},
  author = {Guo, Huifeng and Tang, Ruiming and Ye, Yunming and Li, Zhenguo and He, Xiuqiang},
  keywords = {Information Retrieval (cs.IR), Computation and Language (cs.CL), FOS: Computer and information sciences, FOS: Computer and information sciences},
  title = {DeepFM: A Factorization-Machine based Neural Network for CTR Prediction},
  publisher = {arXiv},
  year = {2017},
  copyright = {arXiv.org perpetual, non-exclusive license}
}